% This file was created with JabRef 2.9.2.
% Encoding: UTF8

@BOOK{Knuth:1998:ACP:280635,
  title = {The Art of Computer Programming, Volume 3: (2Nd Ed.) Sorting and
	Searching},
  publisher = {Addison Wesley Longman Publishing Co., Inc.},
  year = {1998},
  author = {Knuth, Donald E.},
  address = {Redwood City, CA, USA},
  isbn = {0-201-89685-0}
}

@BOOK{Knuth:1997:ACP:260999,
  title = {The Art of Computer Programming, Volume 1 (3rd Ed.): Fundamental
	Algorithms},
  publisher = {Addison Wesley Longman Publishing Co., Inc.},
  year = {1997},
  author = {Knuth, Donald E.},
  address = {Redwood City, CA, USA},
  isbn = {0-201-89683-4}
}

@BOOK{Knuth:1997:ACP:270146,
  title = {The Art of Computer Programming, Volume 2 (3rd Ed.): Seminumerical
	Algorithms},
  publisher = {Addison-Wesley Longman Publishing Co., Inc.},
  year = {1997},
  author = {Knuth, Donald E.},
  address = {Boston, MA, USA},
  isbn = {0-201-89684-2}
}

@MANUAL{UTFPR:Normas,
  title = {Normas para Elaboração de Trabalhos Acadêmicos},
  author = {UTFPR},
  organization = {Sistema de Bibliotecas},
  year = {2008},
  abstract = {Prezados e prezadas leitores e leitoras: Apresentamos, a seguir, a
	primeira versão das Normas Para Elaboração de Trabalhos Acadêmicos
	da Universidade Tecnológica Federal do Paraná (UTFPR). Solicitamos
	aos nossos leitores e leitoras que analisem todas as informações,
	com profundidade e rigor acadêmico, apontem os inevitáveis erros
	e omissões, bem como, forneçam suas inestimáveis contribuições, em
	especial, com exemplos práticos. Estas sugestões e correções podem
	ser encaminhadas ao endereço eletrônico manual@utfpr.edu.br. Esclarecemos,
	ainda, que serão fornecidos, posteriormente, dois documentos-modelo
	em versão eletrônica: um em versão utilizando software livre e outro,
	em software proprietário, para servirem de base na execução dos documentos
	apoiados
	
	por este Manual. Este trabalho é de todos e de todos exige participação
	efetiva. Auguramos boa leitura e profícuos uso e contribuição.},
  owner = {gabriel},
  timestamp = {2014.04.03},
  url = {http://www.utfpr.edu.br/dibib/normas-para-elaboracao-de-trabalhos-academicos/normas_trabalhos_utfpr.pdf}
}

