@INPROCEEDINGS{cali,
author={Cali, F. and Conti, M. and Gregori, E.},
booktitle={INFOCOM '98. Seventeenth Annual Joint Conference of the IEEE Computer and Communications Societies. Proceedings. IEEE},
title={IEEE 802.11 wireless LAN: capacity analysis and protocol enhancement},
year={1998},
month={Mar},
volume={1},
pages={142-149 vol.1},
keywords={IEEE standards;access protocols;channel capacity;distributed algorithms;telecommunication standards;wireless LAN;IEEE 802.11 standard;IEEE 802.11 wireless LAN;analytical formula;backoff algorithm tuning;bandwidth sharing;capacity analysis;distributed algorithm;maximum theoretical efficiency;medium access control protocol;network configuration;protocol capacity;protocol enhancement;simulation;upper bound;wireless channel;Access protocols;Algorithm design and analysis;Bandwidth;Distributed algorithms;Electronic mail;Media Access Protocol;Runtime;Upper bound;Wireless LAN;Wireless application protocol},
doi={10.1109/INFCOM.1998.659648},
ISSN={0743-166X}
}

@book{Gast05,
 author = {Gast, Matthew S},
 title = {802.11 Wireless Networks: The Definitive Guide, Second Edition},
 year = {2005},
 isbn = {0596100523},
 publisher = {O'Reilly Media, Inc.},
} 

@article{ziouva02,
title = "CSMA/CA performance under high traffic conditions: throughput and delay analysis ",
journal = "Computer Communications ",
volume = "25",
number = "3",
pages = "313 - 321",
year = "2002",
note = "",
issn = "0140-3664",
doi = "http://dx.doi.org/10.1016/S0140-3664(01)00369-3",
url = "http://www.sciencedirect.com/science/article/pii/S0140366401003693",
author = "Eustathia Ziouva and Theodore Antonakopoulos",
keywords = "Carrier sense multiple access with collision avoidance",
keywords = "Wireless \{LANs\}",
keywords = "Distributed coordination function "
}

@ARTICLE{multihop,
author={Shugong Xu and Saadawi, T.},
journal={Communications Magazine, IEEE},
title={Does the IEEE 802.11 MAC protocol work well in multihop wireless ad hoc networks?},
year={2001},
month={Jun},
volume={39},
number={6},
pages={130-137},
keywords={IEEE standards;access protocols;digital simulation;land mobile radio;telecommunication standards;wireless LAN;IEEE 802.11 MAC protocol;WaveLAN-based system;mobile ad hoc testbed;multihop connectivity;multihop wireless ad hoc networks;simulations;wireless LAN protocol;wireless LAN standard;wireless mobile ad hoc network;Access protocols;Ad hoc networks;Cascading style sheets;Cyclic redundancy check;Intelligent networks;Media Access Protocol;Multiaccess communication;Spread spectrum communication;Wireless LAN;Wireless application protocol},
doi={10.1109/35.925681},
ISSN={0163-6804}
}

@ARTICLE{gummalla,
author={Gummalla, Ajay Chandra V. and Limb, John O.},
journal={Communications Surveys Tutorials, IEEE},
title={Wireless medium access control protocols},
year={2000},
month={Second},
volume={3},
number={2},
pages={2-15},
keywords={Access protocols;Bandwidth;Communication cables;Media Access Protocol;Planets;Quality of service;Telephony;Wireless application protocol;Wireless networks;Wireless sensor networks},
doi={10.1109/COMST.2000.5340799},
ISSN={1553-877X}
}

@incollection{secret,
year={2002},
isbn={978-3-540-44165-6},
booktitle={Formal Techniques in Real-Time and Fault-Tolerant Systems},
volume={2469},
series={Lecture Notes in Computer Science},
editor={Damm, Werner and Olderog, Ernst-Rüdiger},
doi={10.1007/3-540-45739-9_1},
title={UppaaL Implementation Secrets},
url={http://dx.doi.org/10.1007/3-540-45739-9_1},
publisher={Springer Berlin Heidelberg},
author={Behrmann, Gerd and Bengtsson, Johan and David, Alexandre and Larsen, KimG. and Pettersson, Paul and Yi, Wang},
pages={3-22},
language={English}
}


@misc{uppaal,
	title = {{UPPAAL}},
	url = {http://uppaal.org/},
year=2014,
	urldate = {2014-07-28},
	file = {UPPAAL:/home/fabiano/.zotero/zotero/ru3nfjod.default/zotero/storage/J6WAE649/uppaal.org.html:text/html}
}

@inproceedings{upptutorial,
	series = {{LNCS}},
	title = {A Tutorial on {\textbackslash}sc Uppaal},
	booktitle = {Formal Methods for the Design of Real-Time Systems: 4th International School on Formal Methods for the Design of Computer, Communication, and Software Systems, {SFM}-{RT} 2004},
	publisher = {Springer–Verlag},
	author = {Behrmann, Gerd and David, Alexandre and Larsen, Kim G.},
	editor = {Bernardo, Marco and Corradini, Flavio},
	month = sep,
	year = {2004},
	pages = {200–236}
}

@article{Jhala09,
 author = {Jhala, Ranjit and Majumdar, Rupak},
 title = {Software Model Checking},
 journal = {ACM Comput. Surv.},
 issue_date = {October 2009},
 volume = {41},
 number = {4},
 month = oct,
 year = {2009},
 issn = {0360-0300},
 pages = {21:1--21:54},
 articleno = {21},
 numpages = {54},
 url = {http://doi.acm.org/10.1145/1592434.1592438},
 doi = {10.1145/1592434.1592438},
 acmid = {1592438},
 publisher = {ACM},
 address = {New York, NY, USA},
 keywords = {Software model checking, abstraction, counterexample-guided refinement, enumerative and symbolic model checking, liveness, safety},
} 

@article{Browne,
title = "Characterizing finite Kripke structures in propositional temporal logic ",
journal = "Theoretical Computer Science ",
volume = "59",
number = "1–2",
pages = "115 - 131",
year = "1988",
note = "",
issn = "0304-3975",
doi = "http://dx.doi.org/10.1016/0304-3975(88)90098-9",
url = "http://www.sciencedirect.com/science/article/pii/0304397588900989",
author = "M.C. Browne and E.M. Clarke and O. Grümberg"
}

@incollection{Emerson08,
 author = {Emerson, E. Allen},
 chapter = {The Beginning of Model Checking: A Personal Perspective},
 title = {25 Years of Model Checking},
 editor = {Grumberg, Orna and Veith, Helmut},
 year = {2008},
 isbn = {978-3-540-69849-4},
 pages = {27--45},
 numpages = {19},
 url = {http://dx.doi.org/10.1007/978-3-540-69850-0_2},
 doi = {10.1007/978-3-540-69850-0_2},
 acmid = {1423537},
 publisher = {Springer-Verlag},
 address = {Berlin, Heidelberg},
 keywords = {history, model checking, model-theoretic, origins, synthesis},
}

@inproceedings{vardi,
  author    = {Moshe Y. Vardi and
               Pierre Wolper},
  title     = {An Automata-Theoretic Approach to Automatic Program Verification
               (Preliminary Report)},
  booktitle = {LICS},
  year      = {1986},
  pages     = {332-344},
  crossref  = {DBLP:conf/lics/LICS1},
  bibsource = {DBLP, http://dblp.uni-trier.de}
}

@proceedings{DBLP:conf/lics/LICS1,
  title     = {Proceedings, Symposium on Logic in Computer Science, 16-18
               June 1986, Cambridge, Massachusetts, USA},
  booktitle = {LICS},
  publisher = {IEEE Computer Society},
  year      = {1986},
  bibsource = {DBLP, http://dblp.uni-trier.de}
}

@MISC{Zave12,
    author = {Pamela Zave},
    title = {Formal Methods and Networking: Former Success, Current Failure},
    year = {2012}
}

@inproceedings{Goodloe05,
 author = {Goodloe, Alwyn and Gunter, Carl A. and Stehr, Mark-Oliver},
 title = {Formal Prototyping in Early Stages of Protocol Design},
 booktitle = {Proceedings of the 2005 Workshop on Issues in the Theory of Security},
 series = {WITS '05},
 year = {2005},
 isbn = {1-58113-980-2},
 location = {Long Beach, California},
 pages = {67--80},
 numpages = {14},
 url = {http://doi.acm.org/10.1145/1045405.1045413},
 doi = {10.1145/1045405.1045413},
 acmid = {1045413},
 publisher = {ACM},
 address = {New York, NY, USA},
} 

@book{Katoen08,
 author = {Baier, Christel and Katoen, Joost-Pieter},
 title = {Principles of Model Checking (Representation and Mind Series)},
 year = {2008},
 isbn = {026202649X, 9780262026499},
 publisher = {The MIT Press},
} 

@article{Owe12,
  author    = {Crystal Chang Din and
               Johan Dovland and
               Einar Broch Johnsen and
               Olaf Owe},
  title     = {Observable behavior of distributed systems: Component reasoning
               for concurrent objects},
  journal   = {J. Log. Algebr. Program.},
  volume    = {81},
  number    = {3},
  year      = {2012},
  pages     = {227-256},
  ee        = {http://dx.doi.org/10.1016/j.jlap.2012.01.003},
  bibsource = {DBLP, http://dblp.uni-trier.de}
}
@inproceedings{Owe14,
  author    = {Crystal Chang Din and
               Olaf Owe and
               Richard Bubel},
  title     = {Runtime Assertion Checking and Theorem Proving for Concurrent
               and Distributed Systems},
  booktitle = {MODELSWARD},
  year      = {2014},
  pages     = {480-487},
  ee        = {http://dx.doi.org/10.5220/0004877804800487},
  crossref  = {DBLP:conf/modelsward/2014},
  bibsource = {DBLP, http://dblp.uni-trier.de}
}

@proceedings{DBLP:conf/modelsward/2014,
  editor    = {Lu\'{\i}s Ferreira Pires and
               Slimane Hammoudi and
               Joaquim Filipe and
               Rui C{\'e}sar das Neves},
  title     = {MODELSWARD 2014 - Proceedings of the 2nd International Conference
               on Model-Driven Engineering and Software Development, Lisbon,
               Portugal, 7 - 9 January, 2014},
  booktitle = {MODELSWARD},
  publisher = {SciTePress},
  year      = {2014},
  isbn      = {978-989-758-007-9},
  bibsource = {DBLP, http://dblp.uni-trier.de}
}

@book{Clarke00,
 author = {Clarke,Jr., Edmund M. and Grumberg, Orna and Peled, Doron A.},
 title = {Model Checking},
 year = {1999},
 isbn = {0-262-03270-8},
 publisher = {MIT Press},
 address = {Cambridge, MA, USA},
} 

@article{bochmann_formal_1980,
        title = {Formal methods in communication protocol design},
        volume = {28},
        url = {http://ieeexplore.ieee.org/xpls/abs_all.jsp?arnumber=1094685},
        number = {4},
        urldate = {2013-12-11},
        journal = {Communications, {IEEE} Transactions on},
        author = {Bochmann, Gregor and Sunshine, Carl},
        year = {1980},
        pages = {624–631},
        file = {download.pdf:/home/fabiano/.zotero/zotero/ru3nfjod.default/zotero/storage/H52E6UPW/download.pdf:application/pdf}
}

@incollection{Clarke_2008,
        author = {Clarke, Edmund M.},
        chapter = {The Birth of Model Checking},
        booktitle = {25 Years of Model Checking},
        editor = {Grumberg, Orna and Veith, Helmut},
        year = {2008},
        isbn = {978-3-540-69849-4},
        pages = {1--26},
        numpages = {26},
        acmid = {1423536},
        publisher = {Springer-Verlag},
        address = {Berlin, Heidelberg},
}

@article{kapadia_comparative_2010,
        title = {Comparative study of hidden node problem and solution using different techniques and protocols},
        url = {http://arxiv.org/abs/1003.4070},
        urldate = {2013-12-11},
        journal = {{arXiv} preprint {arXiv:1003.4070}},
        author = {Kapadia, Viral V. and Patel, Sudarshan N. and Jhaveri, Rutvij H.},
        year = {2010},
        file = {1003.4070.pdf:/home/fabiano/.zotero/zotero/ru3nfjod.default/zotero/storage/PNU9FC2N/1003.4070.pdf:application/pdf}
}

@book{kwiatkowska_probabilistic_2002,
        title = {Probabilistic model checking of the {IEEE} 802.11 wireless local area network protocol},
        url = {http://link.springer.com/chapter/10.1007/3-540-45605-8_11},
        urldate = {2013-11-08},
        publisher = {Springer},
        author = {Kwiatkowska, Marta and Norman, Gethin and Sproston, Jeremy},
        year = {2002},
        file = {probmiv02wlan.pdf:/home/fabiano/.zotero/zotero/ru3nfjod.default/zotero/storage/DQFNXU74/probmiv02wlan.pdf:application/pdf}
}

@phdthesis{Fru11,
        author={M. Fruth},
        title={Formal Methods for the Analysis of Wireless Network Protocols},
        url = {http://www.prismmodelchecker.org/papers/matthias-fruth-phd.pdf},
        school={Oxford University},
        year={2011}
}

@phdthesis{muffke_better_2004,
        title = {A better way to design communication protocols},
        url = {http://www.compsci.bristol.ac.uk/Publications/Papers/2000199.pdf},
        urldate = {2013-12-11},
        school = {University of Bristol},
        author = {Müffke, Friedger},
        year = {2004},
        file = {2000199.pdf:/home/fabiano/.zotero/zotero/ru3nfjod.default/zotero/storage/DGHH4UNB/2000199.pdf:application/pdf}
}

@article{pnueli_1981,
        author = {Pnueli, Amir},
        biburl = {http://www.bibsonomy.org/bibtex/2fbb5c3a0d91b5dffdc638d61082fc55e/georghackenberg},
        doi = {DOI: 10.1016/0304-3975(81)90110-9},
        file = {Pnueli1981.pdf:Pnueli1981.pdf:PDF},
        groups = {public},
        interhash = {7d20330be92d47afabddd6e6ffa96675},
        intrahash = {fbb5c3a0d91b5dffdc638d61082fc55e},
        issn = {0304-3975},
        journal = {Theoretical Computer Science},
        keywords = {process},
        number = 1,
        pages = {45 - 60},
        timestamp = {2012-04-20T17:51:04.000+0200},
        title = {The temporal semantics of concurrent programs},
        url = {http://www.sciencedirect.com/science/article/pii/0304397581901109},
        volume = 13,
        year = 1981
}

@article{qadir_applying_2013,
        title = {Applying Formal Methods to Networking: Theory, Techniques and Applications},
        shorttitle = {Applying Formal Methods to Networking},
        url = {http://arxiv.org/abs/1311.4303},
        urldate = {2013-12-11},
        journal = {{arXiv} preprint {arXiv:1311.4303}},
        author = {Qadir, Junaid and Hasan, Osman},
        year = {2013},
        file = {1311.4303v1.pdf:/home/fabiano/.zotero/zotero/ru3nfjod.default/zotero/storage/3H3PTHS7/1311.4303v1.pdf:application/pdf}
}

@article{qadir_building_2013,
        title = {Building Programmable Wireless Networks: An Architectural Survey},
        shorttitle = {Building Programmable Wireless Networks},
        url = {http://arxiv.org/abs/1310.0251},
        urldate = {2013-12-11},
        journal = {{arXiv} preprint {arXiv:1310.0251}},
        author = {Qadir, Junaid and Ahmed, Nadeem and Ahad, Nauman},
        year = {2013},
        file = {1310.0251.pdf:/home/fabiano/.zotero/zotero/ru3nfjod.default/zotero/storage/5QKM6SVG/1310.0251.pdf:application/pdf}
}

@article{vsimovnak_verification_2012,
        title = {Verification of Communication Protocols Based on Formal Methods Integration},
        volume = {9},
        url = {http://uni-obuda.hu/journal/Simonak_36.pdf},
        number = {4},
        urldate = {2013-12-11},
        journal = {Acta Polytechnica Hungarica},
        author = {Simovnák, Slavomír},
        year = {2012},
        pages = {117–128},
        file = {Simonak_36.pdf:/home/fabiano/.zotero/zotero/ru3nfjod.default/zotero/storage/HCQ2MTXN/Simonak_36.pdf:application/pdf}
}

@article{Woodcock2009,
 author = {Woodcock, Jim and Larsen, Peter Gorm and Bicarregui, Juan and Fitzgerald, John},
 title = {Formal Methods: Practice and Experience},
 journal = {ACM Computing Surveys},
 issue_date = {2009},
 volume = {41},
 number = {4},
 month = oct,
 year = {2009},
 issn = {0360-0300},
 pages = {19:1--19:36},
 articleno = {19},
 numpages = {36},
 url = {http://doi.acm.org/10.1145/1592434.1592436},
 doi = {10.1145/1592434.1592436},
 acmid = {1592436},
 publisher = {ACM},
 address = {New York, NY, USA},
 keywords = {Experimental software engineering, formal methods surveys, grand challenges, verified software initiative, verified software repository},
}                   

@article{yen_wireless_2001,
        title = {Wireless communication: the next wave of Internet technology},
        volume = {23},
        shorttitle = {Wireless communication},
        url = {http://www.sciencedirect.com/science/article/pii/S0160791X01000100},
        number = {2},
        urldate = {2013-12-11},
        journal = {Technology in Society},
        author = {Yen, David C. and Chou, David C.},
        year = {2001},
        pages = {217–226},
        file = {1-s2.0-S0160791X01000100-main.pdf:/home/fabiano/.zotero/zotero/ru3nfjod.default/zotero/storage/62F59EJN/1-s2.0-S0160791X01000100-main.pdf:application/pdf}
}

@techreport{chal06,
	author =  {Dan Chalmers and Matthew Chalmers and Jon Crowcroft and Marta Kwiatkowska and Robin Milner and Eammon O'Neill and Tom Rodden and Vladimiro Sassone and Morris Sloman},
	title =  {Ubiquitous Computing: Experience, Design and Science},
	institution = {},
	year =  2006
}

@article{saulo,
author={Queiroz, Saulo}, 
journal={Communications Letters, IEEE}, 
title={All-at-Once or Piece-by-Piece: How to Access Wide Channels in WLANs with Channel Width Diversity?}, 
year={2013}, 
volume={17}, 
number={11}, 
pages={2188-2191}, 
doi={10.1109/LCOMM.2013.091913.131699}, 
ISSN={1089-7798}
}

@article{bianchi,
author={Bianchi, G.},
journal={Selected Areas in Communications, IEEE Journal on},
title={Performance analysis of the IEEE 802.11 distributed coordination function},
year={2000},
month={March},
volume={18},
number={3},
pages={535-547},
keywords={IEEE standards;carrier sense multiple access;packet radio networks;standardisation;telecommunication standards;wireless LAN;CSMA/CA;DCF;IEEE 802.11 distributed coordination function;IEEE 802.11 protocol;MAC;analytical model;binary slotted exponential backoff;carrier sense multiple access;collision avoidance;ideal channel conditions;medium access control;packet transmission;performance analysis;standardization;terminals;threshold;throughput performance evaluation;wireless local area networks;Access protocols;Analytical models;Collision avoidance;Media Access Protocol;Multiaccess communication;Performance analysis;Physical layer;Throughput;Wireless LAN;Wireless application protocol},
doi={10.1109/49.840210},
ISSN={0733-8716}
}

@incollection{wing98,
year={1998},
isbn={978-3-540-65388-2},
booktitle={Advances in Computing Science ASIAN 98},
volume={1538},
series={Lecture Notes in Computer Science},
editor={Hsiang, Jieh and Ohori, Atsushi},
doi={10.1007/3-540-49366-2_17},
title={Formal Methods: Past, Present, and Future},
url={http://dx.doi.org/10.1007/3-540-49366-2_17},
publisher={Springer Berlin Heidelberg},
author={Wing, JeannetteM.},
pages={224-224},
language={English}
}

@article{Clarke96,
 author = {Clarke, Edmund M. and Wing, Jeannette M.},
 title = {Formal Methods: State of the Art and Future Directions},
 journal = {ACM Comput. Surv.},
 issue_date = {Dec. 1996},
 volume = {28},
 number = {4},
 month = dec,
 year = {1996},
 issn = {0360-0300},
 pages = {626--643},
 numpages = {18},
 url = {http://doi.acm.org/10.1145/242223.242257},
 doi = {10.1145/242223.242257},
 acmid = {242257},
 publisher = {ACM},
 address = {New York, NY, USA},
} 

@ARTICLE{plat,
author={Plat, N. and Van Katwijk, J. and Toetenel, H.},
journal={Software Engineering Journal},
title={Application and benefits of formal methods in software development},
year={1992},
month={Sep},
volume={7},
number={5},
pages={335-346},
keywords={Vienna development method;formal specification;formal verification;standards;DoD-STD-2167A;VDM;formal methods;generally applicable formal method;research centres;software development;software life-cycle;software process;standard model},
ISSN={0268-6961}
}